% book
% Required fields: author or editor, title, publisher, year. 
% Optional fields: volume or number, series, address, edition, month, note.
% book{coulouris,
%   author = {Coulouris  G.  F.,  Dollimore J. e  Kindberg T},
%   title = {Distributed Systems: concepts and Design},
%   publisher = {Addison-Wesley},
%   year = {1994},
%   edition = "second edition"
% 
% }

% article
% Required fields: author, title, journal, year. 
% Optional fields: volume, number, pages, month, note.
% article{donoho,
%   author = {Donoho D. L.},
%   title = {Compressed Sensing},
%   journal = {IEEE Trans. Inf. Theory},
%   volume = {52},
%   number = {4},
%   pages = {1289-1306},
%   year = {2006}
% }

% conference
% same as inproceedings
% Required fields: author, title, booktitle, year. 
% Optional fields: editor, volume or number, series, pages, address, month, organization, publisher, note
% conference{dalal,
%   author = {Dalal N., Triggs B.},
%   title = {Histograms of Oriented Gradients for Human Detection},
%   booktitle = {Computer Vision and Pattern Recognition (CVPR)},
%   address = {San Diego, USA},
%   year = {2005},
%   month = {20-26 June},
%   pages = {886-893}
% }

% website
% as misc
% Required fields: none. 
% Optional fields: author, title, howpublished, month, year, note.

@article{futurebus-plus,
  title           = {Verification of the Futurebus+ cache coherence protocol},
  author          = {Clarke, Edmund M. and Grumberg, Orna and Hiraishi, Hiromi and Jha, Somesh and Long, David E. and McMillan, Kenneth L. and Ness, Linda A.},
  journal         = {Formal Methods in System Design},
  year            = {1995},
  volume          = {6},
  url             = {https://doi.org/10.1007/BF01383968},
  doi             = {https://doi.org/10.1007/BF01383968},
  pages           = {216-232},
}

@misc{vmt-lib-paper,
  doi = {10.48550/ARXIV.2109.12821},
  url = {https://arxiv.org/abs/2109.12821},
  author = {Cimatti, Alessandro and Griggio, Alberto and Tonetta, Stefano},
  keywords = {Logic in Computer Science (cs.LO), FOS: Computer and information sciences, FOS: Computer and information sciences},
  title = {The VMT-LIB Language and Tools},
  publisher = {arXiv},
  year = {2021},
  copyright = {arXiv.org perpetual, non-exclusive license}
}



@misc{VMT-LIB,
  url = {https://vmt-lib.fbk.eu/},
  author = {Cimatti, Alessandro and Griggio, Alberto and Tonetta, Stefano},
  title = {{VMT-LIB} website},
  note         = {Last viewed on 2022-07-19},
}

@misc{SMT-LIB,
  url = { https://smtlib.cs.uiowa.edu/index.shtml },
  title = {SMT-LIB website},
  note         = {Last viewed on 2022-07-19},
}

@InProceedings{10.1007/978-3-030-11245-5_17,
author="Bueno, Denis
and Sakallah, Karem A.",
editor="Enea, Constantin
and Piskac, Ruzica",
title="euforia: Complete Software Model Checking with Uninterpreted Functions",
booktitle="Verification, Model Checking, and Abstract Interpretation",
year="2019",
publisher="Springer International Publishing",
address="Cham",
pages="363--385",
isbn="978-3-030-11245-5"
}



@inproceedings{DBLP:conf/cav/CavadaCDGMMMRT14,
  author    = {Roberto Cavada and
               Alessandro Cimatti and
               Michele Dorigatti and
               Alberto Griggio and
               Alessandro Mariotti and
               Andrea Micheli and
               Sergio Mover and
               Marco Roveri and
               Stefano Tonetta},
  title     = {The nuXmv Symbolic Model Checker},
  booktitle = {CAV},
  year      = {2014},
  pages     = {334-342},
  ee        = {http://dx.doi.org/10.1007/978-3-319-08867-9_22},
  crossref  = {DBLP:conf/cav/2014},
  bibsource = {DBLP, http://dblp.uni-trier.de}
}
@proceedings{DBLP:conf/cav/2014,
  editor    = {Armin Biere and
               Roderick Bloem},
  title     = {Computer Aided Verification - 26th International Conference,
               CAV 2014, Held as Part of the Vienna Summer of Logic, VSL
               2014, Vienna, Austria, July 18-22, 2014. Proceedings},
  booktitle = {CAV},
  publisher = {Springer},
  series    = {Lecture Notes in Computer Science},
  volume    = {8559},
  year      = {2014},
  isbn      = {978-3-319-08866-2},
  ee        = {http://dx.doi.org/10.1007/978-3-319-08867-9},
  bibsource = {DBLP, http://dblp.uni-trier.de}
}


@InProceedings{10.1007/978-3-319-41528-4_15,
  author="Daniel, Jakub
  and Cimatti, Alessandro
  and Griggio, Alberto
  and Tonetta, Stefano
  and Mover, Sergio",
  editor="Chaudhuri, Swarat
  and Farzan, Azadeh",
  title="Infinite-State Liveness-to-Safety via Implicit Abstraction and Well-Founded Relations",
  booktitle="Computer Aided Verification",
  year="2016",
  publisher="Springer International Publishing",
  address="Cham",
  pages="271--291",
  isbn="978-3-319-41528-4"
}

@inproceedings{pysmt2015,
  title={PySMT: a solver-agnostic library for fast prototyping of SMT-based algorithms},
  author={Gario, Marco and Micheli, Andrea},
  booktitle={SMT Workshop 2015},
  year={2015}
}

@Article{Clarke1997,
  author={Clarke, Edmund M.
  and Grumberg, Orna
  and Hamaguchi, Kiyoharu},
  title={Another Look at LTL Model Checking},
  journal={Formal Methods in System Design},
  year={1997},
  month={Feb},
  day={01},
  volume={10},
  number={1},
  pages={47-71},
  issn={1572-8102},
  doi={10.1023/A:1008615614281},
  url={https://doi.org/10.1023/A:1008615614281}
}

@INPROCEEDINGS{LTLCircuits,
  author={Claessen, Koen and Een, Niklas and Sterin, Baruch},
  booktitle={2013 Formal Methods in Computer-Aided Design}, 
  title={A circuit approach to LTL model checking}, 
  year={2013},
  volume={},
  number={},
  pages={53-60},
  doi={10.1109/FMCAD.2013.6679391}
}

@inproceedings{DBLP:conf/tacas/MouraB08,
  author    = {Leonardo Mendon{\c{c}}a de Moura and
               Nikolaj S. Bj{\o}rner},
  editor    = {C. R. Ramakrishnan and
               Jakob Rehof},
  title     = {{Z3:} An Efficient {SMT} Solver},
  booktitle = {Tools and Algorithms for the Construction and Analysis of Systems,
               14th International Conference, {TACAS} 2008, Held as Part of the Joint
               European Conferences on Theory and Practice of Software, {ETAPS} 2008,
               Budapest, Hungary, March 29-April 6, 2008. Proceedings},
  series    = {Lecture Notes in Computer Science},
  volume    = {4963},
  pages     = {337--340},
  publisher = {Springer},
  year      = {2008},
  url       = {https://doi.org/10.1007/978-3-540-78800-3\_24},
  doi       = {10.1007/978-3-540-78800-3\_24},
  timestamp = {Thu, 14 Apr 2022 20:26:15 +0200},
  biburl    = {https://dblp.org/rec/conf/tacas/MouraB08.bib},
  bibsource = {dblp computer science bibliography, https://dblp.org}
}

@inproceedings{DBLP:conf/cav/Dutertre14,
  author    = {Bruno Dutertre},
  editor    = {Armin Biere and
               Roderick Bloem},
  title     = {Yices 2.2},
  booktitle = {Computer Aided Verification - 26th International Conference, {CAV}
               2014, Held as Part of the Vienna Summer of Logic, {VSL} 2014, Vienna,
               Austria, July 18-22, 2014. Proceedings},
  series    = {Lecture Notes in Computer Science},
  volume    = {8559},
  pages     = {737--744},
  publisher = {Springer},
  year      = {2014},
  url       = {https://doi.org/10.1007/978-3-319-08867-9\_49},
  doi       = {10.1007/978-3-319-08867-9\_49},
  timestamp = {Mon, 03 Jan 2022 22:13:44 +0100},
  biburl    = {https://dblp.org/rec/conf/cav/Dutertre14.bib},
  bibsource = {dblp computer science bibliography, https://dblp.org}
}

@inproceedings{DBLP:conf/tacas/CimattiGSS13,
  author    = {Alessandro Cimatti and
               Alberto Griggio and
               Bastiaan Joost Schaafsma and
               Roberto Sebastiani},
  editor    = {Nir Piterman and
               Scott A. Smolka},
  title     = {The MathSAT5 {SMT} Solver},
  booktitle = {Tools and Algorithms for the Construction and Analysis of Systems
               - 19th International Conference, {TACAS} 2013, Held as Part of the
               European Joint Conferences on Theory and Practice of Software, {ETAPS}
               2013, Rome, Italy, March 16-24, 2013. Proceedings},
  series    = {Lecture Notes in Computer Science},
  volume    = {7795},
  pages     = {93--107},
  publisher = {Springer},
  year      = {2013},
  url       = {https://doi.org/10.1007/978-3-642-36742-7\_7},
  doi       = {10.1007/978-3-642-36742-7\_7},
  timestamp = {Fri, 09 Apr 2021 18:45:36 +0200},
  biburl    = {https://dblp.org/rec/conf/tacas/CimattiGSS13.bib},
  bibsource = {dblp computer science bibliography, https://dblp.org}
}

@inproceedings{DBLP:conf/cav/NiemetzPWB18,
  author    = {Aina Niemetz and
               Mathias Preiner and
               Clifford Wolf and
               Armin Biere},
  editor    = {Hana Chockler and
               Georg Weissenbacher},
  title     = {Btor2 , BtorMC and Boolector 3.0},
  booktitle = {Computer Aided Verification - 30th International Conference, {CAV}
               2018, Held as Part of the Federated Logic Conference, FloC 2018, Oxford,
               UK, July 14-17, 2018, Proceedings, Part {I}},
  series    = {Lecture Notes in Computer Science},
  volume    = {10981},
  pages     = {587--595},
  publisher = {Springer},
  year      = {2018},
  url       = {https://doi.org/10.1007/978-3-319-96145-3\_32},
  doi       = {10.1007/978-3-319-96145-3\_32},
  timestamp = {Fri, 09 Apr 2021 18:35:27 +0200},
  biburl    = {https://dblp.org/rec/conf/cav/NiemetzPWB18.bib},
  bibsource = {dblp computer science bibliography, https://dblp.org}
}
